<?xml version="1.0" encoding="UTF-8"?><record xmlns="http://www.loc.gov/MARC21/slim" xmlns:cinclude="http://apache.org/cocoon/include/1.0" xmlns:zs="http://www.loc.gov/zing/srw/">
  <leader>00691cz  a2200157n  4500</leader>
  <controlfield tag="001">no2002018629</controlfield>
  <controlfield tag="003">DLC</controlfield>
  <controlfield tag="005">20130320091107.0</controlfield>
  <controlfield tag="008">020306n| azannaab           |a aaa     c</controlfield>
  <datafield tag="010" ind1=" " ind2=" ">
    <subfield code="a">no2002018629</subfield>
  </datafield>
  <datafield tag="035" ind1=" " ind2=" ">
    <subfield code="a">(OCoLC)oca05703594</subfield>
  </datafield>
  <datafield tag="040" ind1=" " ind2=" ">
    <subfield code="a">PPi-MA</subfield>
    <subfield code="b">eng</subfield>
    <subfield code="e">rda</subfield>
    <subfield code="c">PPi-MA</subfield>
    <subfield code="d">DLC</subfield>
  </datafield>
  <datafield tag="100" ind1="1" ind2=" ">
    <subfield code="a">Rosenmüller, Johann,</subfield>
    <subfield code="d">approximately 1619-1684.</subfield>
    <subfield code="t">Ach Herr, strafe mich nicht</subfield>
  </datafield>
  <datafield tag="400" ind1="1" ind2=" ">
    <subfield code="w">nnea</subfield>
    <subfield code="a">Rosenmüller, Johann,</subfield>
    <subfield code="d">ca. 1619-1684.</subfield>
    <subfield code="t">Ach Herr, strafe mich nicht</subfield>
  </datafield>
  <datafield tag="670" ind1=" " ind2=" ">
    <subfield code="a">Rosenmüller, J. 17th-century instrumental and vocal music [SR] p1996:</subfield>
    <subfield code="b">container (Ach Herr, strafe mich nicht in deinem Zorn)</subfield>
  </datafield>
  <datafield tag="670" ind1=" " ind2=" ">
    <subfield code="a">Grovemusic WWW site, Mar. 4, 2002</subfield>
    <subfield code="b">(Ach Herr, strafe mich nicht (Ps vi), 1v, 5 str, bc)</subfield>
  </datafield>
</record>